@inproceedings{whittaker2004semantic,
  title={Semantic speech editing},
  author={Whittaker, Steve and Amento, Brian},
  booktitle={Proceedings of the SIGCHI conference on Human factors in computing systems},
  pages={527--534},
  year={2004},
  organization={ACM}
}

@inproceedings{casares2002simplifying,
  title={Simplifying video editing using metadata},
  author={Casares, Juan and Long, A Chris and Myers, Brad A and Bhatnagar, Rishi and Stevens, Scott M and Dabbish, Laura and Yocum, Dan and Corbett, Albert},
  booktitle={Proceedings of the 4th conference on Designing interactive systems: processes, practices, methods, and techniques},
  pages={157--166},
  year={2002},
  organization={ACM}
}

@article{berthouzoz2012tools,
  title={Tools for placing cuts and transitions in interview video},
  author={Berthouzoz, Floraine and Li, Wilmot and Agrawala, Maneesh},
  journal={ACM Transactions on Graphics (TOG)},
  volume={31},
  number={4},
  pages={67},
  year={2012},
  publisher={ACM}
}

@inproceedings{rubin2013content,
  title={Content-based tools for editing audio stories},
  author={Rubin, Steve and Berthouzoz, Floraine and Mysore, Gautham J and Li, Wilmot and Agrawala, Maneesh},
  booktitle={Proceedings of the 26th annual ACM symposium on User interface software and technology},
  pages={113--122},
  year={2013},
  organization={ACM}
}

@inproceedings{rubin2015capture,
  title={Capture-Time Feedback for Recording Scripted Narration},
  author={Rubin, Steve and Berthouzoz, Floraine and Mysore, Gautham J and Agrawala, Maneesh},
  booktitle={Proceedings of the 28th Annual ACM Symposium on User Interface Software \& Technology},
  pages={191--199},
  year={2015},
  organization={ACM}
}

@online{adobestory2016,
title = {Adobe Story},
url = {https://story.adobe.com/en-us/},
note = {Retrieved April 2, 2016},  
}

@online{adobeaudition2016,
title = {Adobe Audition},
url={http://www.adobe.com/products/audition.html},
note= {Retrieved April 2, 2016},
}
